@article{RN11783,
   author = {Selden Jr., Robert Z. and Dockall, John E. and Shafer, Harry J.},
   title = {{Lithic Morphological Organisation: Gahagan Bifaces from the Southern Caddo Area}},
   journal = {Digital Applications in Archaeology and Cultural Heritage},
   volume = {10},
   pages = {e00080},
   ISSN = {22120548},
   DOI = {10.1016/j.daach.2018.e00080},
   year = {2018},
   type = {Journal Article}
}

@book{RN11532,
   author = {Thompson, D'Arcy W.},
   title = {On Growth and Form},
   publisher = {Cambridge University Press},
   address = {Cambridge},
   year = {1917},
   type = {Book}
}

@phdthesis{RN3684,
   author = {Shafer, Harry J.},
   title = {Lithic Technology at the George C. Davis Site, Cherokee County, Texas},
   university = {The University of Texas at Austin},
   year = {1973},
   type = {Thesis}
}

@article{RN5274,
   author = {Webb, Clarence H. and Dodd Jr., Monroe},
   title = {{Further Excavations of the Gahagan Mound: Connections with a Florida Culture}},
   journal = {Bulletin of the Texas Archeological and Paleontological Society},
   volume = {11},
   pages = {92-126},
   year = {1939},
   type = {Journal Article}
}

@article{RN2740,
   author = {Moore, Clarence B.},
   title = {{Some Aboriginal Sites on Red River}},
   journal = {Journal of the Academy of Natural Sciences of Philadelphia},
   volume = {14},
   number = {4},
   pages = {526-636},
   year = {1912},
   type = {Journal Article}
}
