@article{RN11783,
   author = {Selden Jr., Robert Z. and Dockall, John E. and Shafer, Harry J.},
   title = {{Lithic Morphological Organisation: Gahagan Bifaces from the Southern Caddo Area}},
   journal = {Digital Applications in Archaeology and Cultural Heritage},
   volume = {10},
   pages = {e00080},
   ISSN = {22120548},
   DOI = {10.1016/j.daach.2018.e00080},
   year = {2018}
}

@report{RN3684,
   author = {Shafer, Harry J.},
   title = {{Lithic Technology at the George C. Davis Site, Cherokee County, Texas}},
   university = {The University of Texas at Austin},
   year = {1973},
   type = {Unpublished Ph.D. Dissertation, The University of Texas at Austin}
}

@report{RN4924,
   author = {Shafer, Harry J.},
   title = {{People of the Prairie: A Possible Connection to the Davis Site Caddo}},
   institution = {Texas Department of Transportation and Prewitt & Associates, Inc.},
   year = {2006}
}

@article{RN11716,
   author = {Selden Jr., Robert Z.},
   title = {{Ceramic Morphological Organisation in the Southern Caddo Area: The Clarence H. Webb Collections}},
   journal = {Journal of Cultural Heritage},
   volume = {35},
   pages = {41-55},
   DOI = {https://doi.org/10.1016/j.culher.2018.07.002},
   year = {2019}
}

@article{RN11782,
   author = {Selden Jr., Robert Z.},
   title = {{Ceramic Morphological Organisation in the Southern Caddo Area: Quiddity of Shape for Hickory Engraved Bottles}},
   journal = {Journal of Archaeological Science: Reports},
   volume = {21},
   pages = {884-896},
   ISSN = {2352409X},
   DOI = {10.1016/j.jasrep.2018.08.045},
   year = {2018}
}

@article{RN11801,
   author = {Selden Jr., Robert Z.},
   title = {{A Preliminary Study of Smithport Plain Bottle Morphology in the Southern Caddo Area}},
   journal = {Bulletin of the Texas Archeological Society},
   volume = {89},
   pages = {63-89},
   year = {2018}
}

@article{RN20852,
   author = {Selden Jr., Robert Z.},
   title = {{Louisiana Limitrophe: An Iterative Morphological Exegesis of Caddo Bottle and Biface Production}},
   journal = {SocArXiv},
   DOI = {10.31235/osf.io/rpnd5},
   year = {2019}
}

@article{RN20701,
   author = {Shafer, Harry J.},
   title = {{Lithic Reduction Strategies at the George C. Davis Site}},
   journal = {Louisiana Archaeology},
   volume = {1},
   pages = {66-74},
   url = {https://docs.wixstatic.com/ugd/fefb33_71a3f0c39e5d47a2b55af09847e6d821.pdf},
   year = {1974}
}
