@article{RN11783,
   author = {Selden Jr., Robert Z. and Dockall, John E. and Shafer, Harry J.},
   title = {{Lithic Morphological Organisation: Gahagan Bifaces from the Southern Caddo Area}},
   journal = {Digital Applications in Archaeology and Cultural Heritage},
   volume = {10},
   pages = {e00080},
   ISSN = {22120548},
   DOI = {10.1016/j.daach.2018.e00080},
   year = {2018}
}

@article{RN1754,
   author = {Buchanan, Briggs and Collard, Mark},
   title = {{A Geometric Morphometrics-Based Assessment of Blade Shape Differences among Paleoindian Projectile Point Types from Western North America}},
   journal = {Journal of Archaeological Science},
   volume = {37},
   number = {2},
   pages = {350-359},
   ISSN = {03054403},
   DOI = {10.1016/j.jas.2009.09.047},
   year = {2010}
}

@article{RN1736,
   author = {Buchanan, Briggs and Collard, Mark and Hamilton, Marcus J. and Oâ€™Brien, Michael J.},
   title = {{Points and Prey: A Quantitative Test of the Hypothesis that Prey Size Influences early Paleoindian Projectile Point Form}},
   journal = {Journal of Archaeological Science},
   volume = {38},
   number = {4},
   pages = {852-864},
   ISSN = {03054403},
   DOI = {10.1016/j.jas.2010.11.007},
   year = {2011}
}

@article{RN11731,
   author = {Ragan, Kathryn and Buchanan, Briggs},
   title = {{Assessing Collector Bias: A Geometric Morphometric Analysis of a Collection of Isolated Clovis Points from the Midcontinent}},
   journal = {Midcontinental Journal of Archaeology},
   volume = {43},
   number = {2},
   pages = {91-111},
   ISSN = {0146-1109
2327-4271},
   DOI = {10.1080/01461109.2018.1426430},
   year = {2018}
}

@book{RN11786,
   author = {Birkhoff, George D.},
   title = {Aesthetic Measure},
   publisher = {Harvard University Press},
   address = {Cambridge},
   year = {1933}
}
